@article{kaern2005stochasticity,
  title={Stochasticity in gene expression: from theories to phenotypes},
  author={K{\ae}rn, Mads and Elston, Timothy C and Blake, William J and Collins, James J},
  journal={Nature Reviews Genetics},
  volume={6},
  number={6},
  pages={451--464},
  year={2005},
  publisher={Nature Publishing Group}
}
% NB
@article{robinson2007moderated,
  title={Moderated statistical tests for assessing differences in tag abundance},
  author={Robinson, Mark D and Smyth, Gordon K},
  journal={Bioinformatics},
  volume={23},
  number={21},
  pages={2881--2887},
  year={2007},
  publisher={Oxford Univ Press}
}

% deseq
@article{anders2010differential,
  title={Differential expression analysis for sequence count data},
  author={Anders, Simon and Huber, Wolfgang},
  journal={Genome biology},
  volume={11},
  number={10},
  pages={R106},
  year={2010},
  publisher={BioMed Central}
}

@Manual{rlang,
  title        = {R: A Language and Environment for Statistical
                  Computing},
  author       = {{R Core Team}},
  organization = {R Foundation for Statistical Computing},
  address      = {Vienna, Austria},
  year         = YEAR,
  url          = {https://www.R-project.org}
}
